@phdthesis{pal,
  title={Off-Shore Robotics: Robust and Optimal Solutions for Autonomous Operation},
  author={P.J. From},
  year={2010},
  school={Norwegian University of Science and Technology}
}

@UNPUBLISHED{sensabot,
  author =       {NREC/CMU},
  title =        {Sensabot: A Safe and Cost-Effective Inspection Solution. \emph{Jour. of Petroleum Technology}, pp. 32--34.},
  year =         {2012},
  source =       {Jour. of Petroleum Technology},
}

@inproceedings{kyrkjebo2009robotic,
  title={A robotic concept for remote inspection and maintenance on oil platforms},
  author={E. Kyrkjeb{\o} and P. Liljeb{\"a}ck and A.A. Transeth},
  booktitle={Proc. Int. Conf. on Ocean, Offshore and Arctic Engineering (OMAE)},
  year={2009},
}

@article{brown,
  title={Renewable energy markets and prospects by technology},
  author={A. Brown, S. M{\u}ller and Z. Dobrotkov{\a}},
  journal={International Energy Agency (IEA)/OECD},
  year={2011}
}

@article{ecofys,
  title={Financing Renewable Energy in the European Energy Market: Final Report},
  author={Ecofys, Fraunhofer ISI, TU Vienna EEG and Ernst {\&} Young},
  journal={Ecofys},
  year={2011}
}

@misc{wi,
 title = {Use and Capacity of Global Hydropower Increases},
 author={Worldwatch Institute},
 howpublished={Worldwatch Institute Vision for a Sustainable World website. http://www.worldwatch.org/node/9527 {A}ccessed on {D}ecember 29$^{th}$, 2014},
 year={2012},
}


@manual{capacitor_old,
 title = {General power system wiring practices applied to Tecnadyne DC brushless motors},
 author={Tecnadyne},
 howpublished={Tecnadyne Application Note AN601. http://www.tecnadyne.com/cms/images/products/pdf/AN601_Back_EMF_Ground_Loops.pdf {A}ccessed on {O}ctober 20$^{th}$, 2014},
 year={2006}
}